%%% ====================================================================
%%%  BibTeX-file{
	%%%     author          = "Gerry Murray",
	%%%     version         = "1.2",
	%%%     date            = "2 April 2012",
	%%%     filename        = "acmsmall-sample-bibfile.bib",
	%%%     address         = "ACM, NY",
	%%%     email           = "murray at hq.acm.org",
	%%%     codetable       = "ISO/ASCII",
	%%%     keywords        = "ACM Reference Format, bibliography, citation, references",
	%%%     supported       = "yes",
	%%%     docstring       = "This BibTeX database file contains 'bibdata' entries
	%%%                        that 'match' the examples provided in the Specifications Document
	%%%                        AND, also, 'legacy'-type bibs. It should assist authors in
	%%%                        choosing the 'correct' at-bibtype and necessary bib-fields
	%%%                        so as to obtain the appropriate ACM Reference Format output.
	%%%                        It also contains many 'Standard Abbreviations'. "
	%%%  }
%%% ====================================================================

% Journals

% First the Full Name is given, then the abbreviation used in the AMS Math
% Reviews, with an indication if it could not be found there.
% Note the 2nd overwrites the 1st, so swap them if you want the full name.

%{AMS}
@String{AMSTrans = "American Mathematical Society Translations" }
@String{AMSTrans = "Amer. Math. Soc. Transl." }
@String{BullAMS = "Bulletin of the American Mathematical Society" }
@String{BullAMS = "Bull. Amer. Math. Soc." }
@String{ProcAMS = "Proceedings of the American Mathematical Society" }
@String{ProcAMS = "Proc. Amer. Math. Soc." }
@String{TransAMS = "Transactions of the American Mathematical Society" }
@String{TransAMS = "Trans. Amer. Math. Soc." }

%ACM
@String{CACM = "Communications of the {ACM}" }
@String{CACM = "Commun. {ACM}" }
@String{CompServ = "Comput. Surveys" }
@String{JACM = "J. ACM" }
@String{ACMMathSoft = "{ACM} Transactions on Mathematical Software" }
@String{ACMMathSoft = "{ACM} Trans. Math. Software" }
@String{SIGNUM = "{ACM} {SIGNUM} Newsletter" }
@String{SIGNUM = "{ACM} {SIGNUM} Newslett." }

@String{AmerSocio = "American Journal of Sociology" }
@String{AmerStatAssoc = "Journal of the American Statistical Association" }
@String{AmerStatAssoc = "J. Amer. Statist. Assoc." }
@String{ApplMathComp = "Applied Mathematics and Computation" }
@String{ApplMathComp = "Appl. Math. Comput." }
@String{AmerMathMonthly = "American Mathematical Monthly" }
@String{AmerMathMonthly = "Amer. Math. Monthly" }
@String{BIT = "{BIT}" }
@String{BritStatPsych = "British Journal of Mathematical and Statistical
	Psychology" }
@String{BritStatPsych = "Brit. J. Math. Statist. Psych." }
@String{CanMathBull = "Canadian Mathematical Bulletin" }
@String{CanMathBull = "Canad. Math. Bull." }
@String{CompApplMath = "Journal of Computational and Applied Mathematics" }
@String{CompApplMath = "J. Comput. Appl. Math." }
@String{CompPhys = "Journal of Computational Physics" }
@String{CompPhys = "J. Comput. Phys." }
@String{CompStruct = "Computers and Structures" }
@String{CompStruct = "Comput. \& Structures" }
@String{CompJour = "The Computer Journal" }
@String{CompJour = "Comput. J." }
@String{CompSysSci = "Journal of Computer and System Sciences" }
@String{CompSysSci = "J. Comput. System Sci." }
@String{Computing = "Computing" }
@String{ContempMath = "Contemporary Mathematics" }
@String{ContempMath = "Contemp. Math." }
@String{Crelle = "Crelle's Journal" }
@String{GiornaleMath = "Giornale di Mathematiche" }
@String{GiornaleMath = "Giorn. Mat." } % didn't find in AMS MR., ibid.

%IEEE
@String{Computer = "{IEEE} Computer" }
@String{IEEETransComp = "{IEEE} Transactions on Computers" }
@String{IEEETransComp = "{IEEE} Trans. Comput." }
@String{IEEETransAC = "{IEEE} Transactions on Automatic Control" }
@String{IEEETransAC = "{IEEE} Trans. Automat. Control" }
@String{IEEESpec = "{IEEE} Spectrum" } % didn't find in AMS MR
@String{ProcIEEE = "Proceedings of the {IEEE}" }
@String{ProcIEEE = "Proc. {IEEE}" } % didn't find in AMS MR
@String{IEEETransAeroElec = "{IEEE} Transactions on Aerospace and Electronic
	Systems" }
@String{IEEETransAeroElec = "{IEEE} Trans. Aerospace Electron. Systems" }

@String{IMANumerAna = "{IMA} Journal of Numerical Analysis" }
@String{IMANumerAna = "{IMA} J. Numer. Anal." }
@String{InfProcLet = "Information Processing Letters" }
@String{InfProcLet = "Inform. Process. Lett." }
@String{InstMathApp = "Journal of the Institute of Mathematics and
	its Applications" }
@String{InstMathApp = "J. Inst. Math. Appl." }
@String{IntControl = "International Journal of Control" }
@String{IntControl = "Internat. J. Control" }
@String{IntNumerEng = "International Journal for Numerical Methods in
	Engineering" }
@String{IntNumerEng = "Internat. J. Numer. Methods Engrg." }
@String{IntSuper = "International Journal of Supercomputing Applications" }
@String{IntSuper = "Internat. J. Supercomputing Applic." } % didn't find
%% in AMS MR
@String{Kibernetika = "Kibernetika" }
@String{JResNatBurStand = "Journal of Research of the National Bureau
	of Standards" }
@String{JResNatBurStand = "J. Res. Nat. Bur. Standards" }
@String{LinAlgApp = "Linear Algebra and its Applications" }
@String{LinAlgApp = "Linear Algebra Appl." }
@String{MathAnaAppl = "Journal of Mathematical Analysis and Applications" }
@String{MathAnaAppl = "J. Math. Anal. Appl." }
@String{MathAnnalen = "Mathematische Annalen" }
@String{MathAnnalen = "Math. Ann." }
@String{MathPhys = "Journal of Mathematical Physics" }
@String{MathPhys = "J. Math. Phys." }
@String{MathComp = "Mathematics of Computation" }
@String{MathComp = "Math. Comp." }
@String{MathScand = "Mathematica Scandinavica" }
@String{MathScand = "Math. Scand." }
@String{TablesAidsComp = "Mathematical Tables and Other Aids to Computation" }
@String{TablesAidsComp = "Math. Tables Aids Comput." }
@String{NumerMath = "Numerische Mathematik" }
@String{NumerMath = "Numer. Math." }
@String{PacificMath = "Pacific Journal of Mathematics" }
@String{PacificMath = "Pacific J. Math." }
@String{ParDistComp = "Journal of Parallel and Distributed Computing" }
@String{ParDistComp = "J. Parallel and Distrib. Comput." } % didn't find
%% in AMS MR
@String{ParComputing = "Parallel Computing" }
@String{ParComputing = "Parallel Comput." }
@String{PhilMag = "Philosophical Magazine" }
@String{PhilMag = "Philos. Mag." }
@String{ProcNAS = "Proceedings of the National Academy of Sciences
	of the USA" }
@String{ProcNAS = "Proc. Nat. Acad. Sci. U. S. A." }
@String{Psychometrika = "Psychometrika" }
@String{QuartMath = "Quarterly Journal of Mathematics, Oxford, Series (2)" }
@String{QuartMath = "Quart. J. Math. Oxford Ser. (2)" }
@String{QuartApplMath = "Quarterly of Applied Mathematics" }
@String{QuartApplMath = "Quart. Appl. Math." }
@String{RevueInstStat = "Review of the International Statisical Institute" }
@String{RevueInstStat = "Rev. Inst. Internat. Statist." }

%SIAM
@String{JSIAM = "Journal of the Society for Industrial and Applied
	Mathematics" }
@String{JSIAM = "J. Soc. Indust. Appl. Math." }
@String{JSIAMB = "Journal of the Society for Industrial and Applied
	Mathematics, Series B, Numerical Analysis" }
@String{JSIAMB = "J. Soc. Indust. Appl. Math. Ser. B Numer. Anal." }
@String{SIAMAlgMeth = "{SIAM} Journal on Algebraic and Discrete Methods" }
@String{SIAMAlgMeth = "{SIAM} J. Algebraic Discrete Methods" }
@String{SIAMAppMath = "{SIAM} Journal on Applied Mathematics" }
@String{SIAMAppMath = "{SIAM} J. Appl. Math." }
@String{SIAMComp = "{SIAM} Journal on Computing" }
@String{SIAMComp = "{SIAM} J. Comput." }
@String{SIAMMatrix = "{SIAM} Journal on Matrix Analysis and Applications" }
@String{SIAMMatrix = "{SIAM} J. Matrix Anal. Appl." }
@String{SIAMNumAnal = "{SIAM} Journal on Numerical Analysis" }
@String{SIAMNumAnal = "{SIAM} J. Numer. Anal." }
@String{SIAMReview = "{SIAM} Review" }
@String{SIAMReview = "{SIAM} Rev." }
@String{SIAMSciStat = "{SIAM} Journal on Scientific and Statistical
	Computing" }
@String{SIAMSciStat = "{SIAM} J. Sci. Statist. Comput." }

@String{SoftPracExp = "Software Practice and Experience" }
@String{SoftPracExp = "Software Prac. Experience" } % didn't find in AMS MR
@String{StatScience = "Statistical Science" }
@String{StatScience = "Statist. Sci." }
@String{Techno = "Technometrics" }
@String{USSRCompMathPhys = "{USSR} Computational Mathematics and Mathematical
	Physics" }
@String{USSRCompMathPhys = "{U. S. S. R.} Comput. Math. and Math. Phys." }
@String{VLSICompSys = "Journal of {VLSI} and Computer Systems" }
@String{VLSICompSys = "J. {VLSI} Comput. Syst." }
@String{ZAngewMathMech = "Zeitschrift fur Angewandte Mathematik und
	Mechanik" }
@String{ZAngewMathMech = "Z. Angew. Math. Mech." }
@String{ZAngewMathPhys = "Zeitschrift fur Angewandte Mathematik und Physik" }
@String{ZAngewMathPhys = "Z. Angew. Math. Phys." }

% Publishers % ================================================= |

@String{Academic = "Academic Press" }
@String{ACMPress = "{ACM} Press" }
@String{AdamHilger = "Adam Hilger" }
@String{AddisonWesley = "Addison-Wesley" }
@String{AllynBacon = "Allyn and Bacon" }
@String{AMS = "American Mathematical Society" }
@String{Birkhauser = "Birkha{\"u}ser" }
@String{CambridgePress = "Cambridge University Press" }
@String{Chelsea = "Chelsea" }
@String{ClaredonPress = "Claredon Press" }
@String{DoverPub = "Dover Publications" }
@String{Eyolles = "Eyolles" }
@String{HoltRinehartWinston = "Holt, Rinehart and Winston" }
@String{Interscience = "Interscience" }
@String{JohnsHopkinsPress = "The Johns Hopkins University Press" }
@String{JohnWileySons = "John Wiley and Sons" }
@String{Macmillan = "Macmillan" }
@String{MathWorks = "The Math Works Inc." }
@String{McGrawHill = "McGraw-Hill" }
@String{NatBurStd = "National Bureau of Standards" }
@String{NorthHolland = "North-Holland" }
@String{OxfordPress = "Oxford University Press" }  %address Oxford or London?
@String{PergamonPress = "Pergamon Press" }
@String{PlenumPress = "Plenum Press" }
@String{PrenticeHall = "Prentice-Hall" }
@String{SIAMPub = "{SIAM} Publications" }
@String{Springer = "Springer-Verlag" }
@String{TexasPress = "University of Texas Press" }
@String{VanNostrand = "Van Nostrand" }
@String{WHFreeman = "W. H. Freeman and Co." }

%Entries

@article{Nilsson2017,
	author = {Nilsson, Petter and Ozay, Necmiye and Liu, Jun},
	doi = {10.1007/s10626-017-0243-z},
	file = {:home/zexiang/.local/share/data/Mendeley Ltd./Mendeley Desktop/Downloaded/Nilsson, Ozay, Liu - 2017 - Augmented finite transition systems as abstractions for control synthesis.pdf:pdf},
	issn = {15737594},
	journal = {Discrete Event Dynamic Systems: Theory and Applications},
	keywords = {Abstraction refinement,Control synthesis,Correct-by-construction},
	mendeley-groups = {Hybrid Control/Abstraction,Hybrid Control/writing},
	month = {jun},
	number = {2},
	pages = {301--340},
	title = {{Augmented finite transition systems as abstractions for control synthesis}},
	url = {http://link.springer.com/10.1007/s10626-017-0243-z},
	volume = {27},
	year = {2017}
}

@inproceedings{Livingston,
	author = {Livingston, Scott C and Prabhakar, Pavithra and Jose, Alex B and Murray, Richard M},
	file = {:home/zexiang/.local/share/data/Mendeley Ltd./Mendeley Desktop/Downloaded/Livingston et al. - Unknown - Patching task-level robot controllers based on a local µ-calculus formula.pdf:pdf},
	mendeley-groups = {Hybrid Control/Context,Hybrid Control,Hybrid Control/patching},
	title = {{Patching task-level robot controllers based on a local $\mu$-calculus formula}},
	booktitle={Robotics and Automation (ICRA), 2013 IEEE International Conference on},
	pages={4588--4595},
	year={2013},
	organization={IEEE}
}
}

@article{Livingston2014,
	author = {Livingston, Scott C. and Murray, Richard M.},
	doi = {10.1109/CDC.2014.7039366},
	file = {:home/zexiang/Desktop/work/07039366.pdf:pdf},
	isbn = {9781467360883},
	issn = {07431546},
	journal = {Proceedings of the IEEE Conference on Decision and Control},
	mendeley-groups = {Hybrid Control/patching},
	pages = {101--107},
	title = {{Hot-swapping robot task goals in reactive formal synthesis}},
	year = {2014}
}

@article{Liu2014,
	author = {Liu, Jun and Ozay, Necmiye},
	doi = {10.1145/2562059.2562137},
	file = {:home/zexiang/.local/share/data/Mendeley Ltd./Mendeley Desktop/Downloaded/Liu, Ozay - 2014 - Abstraction , Discretization , and Robustness in Temporal Logic Control of Dynamical Systems.pdf:pdf},
	isbn = {9781450327329},
	journal = {International Conferance on Hybrid Systems: Computation and Control (HSCC)},
	keywords = {abstraction,discretization,hybrid control,temporal logic},
	mendeley-groups = {Hybrid Control/Abstraction,Hybrid Control},
	pages = {293--302},
	title = {{Abstraction , Discretization , and Robustness in Temporal Logic Control of Dynamical Systems}},
	year = {2014}
}

@inproceedings{Sun2014,
	author = {Sun, Fei and Ozay, Necmiye and Wolff, Eric M and Liu, Jun and Murray, Richard M},
	booktitle = {Proceedings of the American Control Conference},
	doi = {10.1109/ACC.2014.6859428},
	file = {:home/zexiang/.local/share/data/Mendeley Ltd./Mendeley Desktop/Downloaded/Sun et al. - 2014 - Efficient control synthesis for augmented finite transition systems with an application to switching protocols.pdf:pdf},
	isbn = {9781479932726},
	issn = {07431619},
	keywords = {Automata,Hierarchical control,Switched systems},
	mendeley-groups = {Hybrid Control/Abstraction,Hybrid Control},
	pages = {3273--3280},
	title = {{Efficient control synthesis for augmented finite transition systems with an application to switching protocols}},
	year = {2014}
}

@inproceedings{pnueli1989synthesis,
	title={On the synthesis of a reactive module},
	author={Pnueli, Amir and Rosner, Roni},
	booktitle={Proceedings of the 16th ACM SIGPLAN-SIGACT symposium on Principles of programming languages},
	pages={179--190},
	year={1989},
	organization={ACM}
}

@article{ehlers2017supervisory,
	title={Supervisory control and reactive synthesis: a comparative introduction},
	author={Ehlers, R{\"u}diger and Lafortune, St{\'e}phane and Tripakis, Stavros and Vardi, Moshe Y},
	journal={Discrete Event Dynamic Systems},
	volume={27},
	number={2},
	pages={209--260},
	year={2017},
	publisher={Springer}
}

@techreport{schmuckrelation,
	title={On the Relation between Reactive Synthesis and Supervisory Control of Non-Terminating Processes},
	author={Schmuck, Anne-Kathrin and Moor, Thomas and Majumdar, Rupak},
	year ={2017},
	institution ={MPI-SWS}
}

@article{ramadge1987supervisory,
	title={Supervisory control of a class of discrete event processes},
	author={Ramadge, Peter J and Wonham, W Murray},
	journal={SIAM journal on control and optimization},
	volume={25},
	number={1},
	pages={206--230},
	year={1987},
	publisher={SIAM}
}

@inproceedings{wong2014correct,
	title={Correct High-level Robot Behavior in Environments with Unexpected Events.},
	author={Wong, Kai Weng and Ehlers, R{\"u}diger and Kress-Gazit, Hadas},
	booktitle={Robotics: Science and Systems},
	year={2014}
}

@article{bloem2012synthesis,
	title={Synthesis of reactive (1) designs},
	author={Bloem, Roderick and Jobstmann, Barbara and Piterman, Nir and Pnueli, Amir and Saʼar, Yaniv},
	journal={Journal of Computer and System Sciences},
	volume={78},
	number={3},
	pages={911--938},
	year={2012},
	publisher={Elsevier}
}

@inproceedings{ehlers2011generalized,
	title={Generalized Rabin (1) synthesis with applications to robust system synthesis},
	author={Ehlers, R{\"u}diger},
	booktitle={NASA Formal Methods Symposium},
	pages={101--115},
	year={2011},
	organization={Springer}
}

@inproceedings{wolff2013efficient,
	title={Efficient reactive controller synthesis for a fragment of linear temporal logic},
	author={Wolff, Eric M and Topcu, Ufuk and Murray, Richard M},
	booktitle={Robotics and Automation (ICRA), 2013 IEEE International Conference on},
	pages={5033--5040},
	year={2013},
	organization={IEEE}
}

@book{baier2008principles,
	title={Principles of model checking},
	author={Baier, Christel and Katoen, Joost-Pieter},
	year={2008},
	publisher={MIT press}
}

@inproceedings{maoz2016well,
  title={On well-separation of GR (1) specifications},
  author={Maoz, Shahar and Ringert, Jan Oliver},
  booktitle={Proceedings of the 2016 24th ACM SIGSOFT International Symposium on Foundations of Software Engineering},
  pages={362--372},
  year={2016},
  organization={ACM}
}

@inproceedings{klein2010revisiting,
  title={Revisiting synthesis of GR (1) specifications},
  author={Klein, Uri and Pnueli, Amir},
  booktitle={Haifa Verification Conference},
  pages={161--181},
  year={2010},
  organization={Springer}
}

@inproceedings{kajita20013d,
  title={The {3D} Linear Inverted Pendulum Mode: A simple modeling for a biped walking pattern generation},
  author={Kajita, Shuuji and Kanehiro, Fumio and Kaneko, Kenji and Yokoi, Kazuhito and Hirukawa, Hirohisa},
  booktitle={Proceedings of the 2001 IEEE/RSJ International Conference on Intelligent Robots and Systems},  
  pages={239--246},
  year={2001}
}

@inproceedings{englsberger2011bipedal,
  title={Bipedal walking control based on capture point dynamics},
  author={Englsberger, Johannes and Ott, Christian and Roa, M{\'a}ximo A and Albu-Sch{\"a}ffer, Alin and Hirzinger, Gerhard},
  booktitle={Intelligent Robots and Systems (IROS), 2011 IEEE/RSJ International Conference on},
  pages={4420--4427},
  year={2011},
  organization={IEEE}
}


